%% This BibTeX bibliography file was created by 韓 承鎬 at 2016-04-11 14:51:37 +0900 
%% Saved with string encoding Unicode (UTF-8) 

%%%%%%%%%%%%%%
%					%
%		1960's		%
%					%
%%%%%%%%%%%%%%
%	1967
@article{Masnick67-10J,
	Author = {B.~Masnick and J.~K.~Wolf},
	Journal = IEEE_J_IT,
	Month = oct,
	Number = {3},
	Pages = {600-607},
	Title = {On linear unequal error protection codes},
	Volume = {IT-13},
	Year = {1967}}
%%%%%%%%%%%%%%
%					%
%		1970's		%
%					%
%%%%%%%%%%%%%%
%	1977
@article{Imai77-03J,
	Author = {H. Imai and S. Hirakawa},
	Journal = IEEE_J_IT,
	Month = mar,
	Number = {3},
	Pages = {371-377},
	Title = {A new multilevel coding method using error-correcting codes},
	Volume = {IT-23},
	Year = {1977}}
%%%%%%%%%%%%%%
%					%
%		1980's		%
%					%
%%%%%%%%%%%%%%
%	1982
@article{Ungerboeck82-01J,
	Author = {G.~Ungerboeck},
	Journal = IEEE_J_IT,
	Month = jan,
	Number = {1},
	Pages = {55-67},
	Title = {Channel coding with multilevel/phase signals},
	Volume = {IT-28},
	Year = {1982}}

@book{Horn1985B,
	Author = {R.~A.~Horn and C.~R.~Johnson},
	Publisher = {Cambridge University Press},
	Title = {Matrix analysis},
	Year = {1985}}

@article{Suehiro88-01J,
	Author = {N.~Suehiro and M.~Hatori},
	Journal = IEEE_J_IT,
	Month = jan,
	Number = {1},
	Pages = {143-146},
	Title = {$N$-shift cross-orthogonal sequences},
	Volume = {IT-34},
	Year = {1988}}

@article{Floch89-08J,
	Author = {B.~Le~Floch and R. Halbert-Lasalle and D. Castelain},
	Journal = IEEE_J_CE,
	Month = aug,
	Pages = {493-503},
	Title = {Digital sound broadcasting to mobile receivers},
	Volume = {35},
	Year = {1989}}
%%%%%%%%%%%%%%
%					%
%		1990's		%
%					%
%%%%%%%%%%%%%%
%	1990
@article{Bingham90-05J,
	Author = {J.~A.~C.~Bingham},
	Journal = IEEE_M_COM,
	Month = may,
	Pages = {5-14},
	Title = {Multicarrier modulation for data transmission: An idea whose time has come},
	Volume = {28},
	Year = {1990}}

@inproceedings{Craig91-11C,
	Address = {McLean, VA},
	Author = {J. W. Craig},
	Booktitle = {Proc. \MILCOM (MILCOM'91)},
	Month = nov,
	Pages = {571-575},
	Title = {A new, simple and exact result for calculating the probability of error for two-dimensional signal constellations},
	Volume = {2},
	Year = {1991}}

@inproceedings{Hoeher91-11C,
	Address = {Tirrenia, Italy},
	Author = {P. H\"{oeher}},
	Booktitle = {Proc. Tirrenia Int. Workshop Digital Communications},
	Month = sep,
	Pages = {317--328},
	Title = {{TCM} on frequency-selective land-mobile fading channels},
	Year = {1991}}

@incollection{Hoeher92B,
	Author = {P. H\"{oeher}},
	Booktitle = {Coded modulation and bandwidth efficient transmission},
	Editor = {E. Biglieri and M. Luise},
	Publisher = {Elsevier Science Publisher},
	Title = {{TCM} on frequency selective land mobile fading channels},
	Year = {1992}}

@article{Zehavi92-05J,
	Author = {E. Zehavi},
	Journal = IEEE_J_COM,
	Month = may,
	Number = {3},
	Pages = {873-884},
	Title = {8-{PSK} trellis codes for a {R}ayleigh channel},
	Volume = {40},
	Year = {1992}}

@article{Suehiro94-06J,
	Author = {N. Suehiro},
	Journal = IEEE_J_JSAC,
	Month = jun,
	Number = {5},
	Pages = {837-841},
	Title = {A signal design without co-channel interference for approximately synchronized CDMA systems},
	Volume = {12},
	Year = {1994}}

@book{Proakis95B,
	Author = {J. Proakis},
	Edition = {Third},
	Publisher = {New York: McGraw-Hill},
	Title = {Digital Communications},
	Year = {1995}}

@inproceedings{Divsalar95-06C,
	Address = {Seattle, WA},
	Author = {D. Divsalar and F. Pollara},
	Booktitle = {Proc. \ICC (ICC'95)},
	Month = jun,
	Pages = {54-59},
	Title = {Turbo codes for {PCS} applications},
	Year = {1995}}

@article{Floch95-06J,
	Author = {B. Le Floch and M. Alard and C. Berrou},
	Journal = IEEE_J_PROC,
	Month = jun,
	Pages = {982-996},
	Title = {Coded orthogonal frequency division multiplex},
	Volume = {83},
	Year = {1995}}

@article{Perez96-11J,
	Author = {L. Perez and J. Seghers and D. J. Costello Jr.},
	Journal = IEEE_J_IT,
	Month = nov,
	Number = {6},
	Pages = {1698-1709},
	Title = {A distance spectrum interpretation of turbo codes},
	Volume = {42},
	Year = {1996}}

@article{Greenstein97-05J,
	Author = {L. J. Greenstein and V. E.rceg and Y. S. Yeh and M. V. Clark},
	Journal = IEEE_J_VT,
	Month = may,
	Number = {2},
	Pages = {477-485},
	Title = {A new path-gain/delay-spread propagation model for digital cellular channels},
	Volume = {46},
	Year = {1997}}

@book{Verdu98B,
	Author = {S. Verd\'{u}},
	Publisher = {New York: Cambridge University},
	Title = {Multiuser Detection},
	Year = {1998}}

@article{Simon98-02J,
	Author = {M. K. Simon and D. Divsalar},
	Journal = IEEE_J_COM,
	Month = feb,
	Number = {2},
	Pages = {200-210},
	Title = {Some new twists to problems involving the Gaussian probability integral},
	Volume = {46},
	Year = {1998}}

@article{Tarokh98-03J,
	Author = {V. Tarokh and N. Seshadri and A. R. Calderbank},
	Journal = IEEE_J_IT,
	Month = mar,
	Number = {2},
	Pages = {744-765},
	Title = {Space-time codes for high data rate wireless communication: Performance analysis and code construction},
	Volume = {44},
	Year = {1998}}

@article{Akansu98-04J,
	Author = {A.~N.~Akansu and O~Duhamel and X.~Liu and M. de Courville},
	Journal = IEEE_J_SP,
	Month = apr,
	Number = {4},
	Pages = {979-995},
	Title = {Orthogonal transmultiplexers in communications: A review},
	Volume = {46},
	Year = {1998}}

@inproceedings{Agrawal98-05C,
	Address = {Ottawa, Ont.},
	Author = {D. Agrawal and V. Tarokh and A. Naguib and N. Seshadri},
	Booktitle = {Proc. \VTC (VTC98)},
	Month = may,
	Pages = {2232-2236},
	Title = {Space-time coded {OFDM} for hi data-rate wireless communication over wideband channels},
	Volume = {3},
	Year = {1998}}

@article{Caire98-05J,
	Author = {G. Caire and G. Taricco and E. Biglieri},
	Journal = IEEE_J_IT,
	Month = may,
	Number = {3},
	Pages = {927-946},
	Title = {Bit-interleaved coded modulation},
	Volume = {44},
	Year = {1998}}

@inproceedings{Suehiro98-11C,
	Address = {Sydney, NSW},
	Author = {Suehiro, N. and Kuroyanagi, N.},
	Booktitle = {Proc. \GCOM (GlobeCom'98)},
	Month = nov,
	Pages = {1356-1361},
	Title = {Multipath-tolerant binary signal design for approximately synchronized {CDMA} systems without co-channel interference using complete complementary codes},
	Year = {1998}}

@book{Fan99B,
	Author = {P. Fan and M. Darnell},
	Publisher = {New York: Wiley},
	Title = {Sequence Design for Communications Applications},
	Year = {1999}}

@book{Heegard99B,
	Address = {Massachesetts},
	Author = {C. Heegard and S. B. Wicker},
	Publisher = {Kluwer Academic Publishers},
	Title = {Turbo Coding},
	Year = {1999}}

@standard{802-11a-99S,
	Organization = {IEEE 802.11a},
	Title = {Wireless LAN Medium Access Control (MAC) and Physical Layer (PHY) Specifications. High-Speed Physical Layer in the 5 GHz Band},
	Url = {http://standards.ieee.org/getieee802/802.11.html},
	Year = {1999},
	Bdsk-Url-1 = {http://standards.ieee.org/getieee802/802.11.html}}

@article{Verdu99-03J,
	Author = {Verd\'{u}, S. and Shamai(Shitz), S.},
	Journal = IEEE_J_IT,
	Month = mar,
	Number = {2},
	Pages = {622-640},
	Title = {Spectral efficiency of {CDMA} with random spreading},
	Volume = {45},
	Year = {1999}}

@article{Li99-07J,
	Author = {Y. Li and J. C. Chuang and N. R. Sollenberger},
	Journal = IEEE_J_JSAC,
	Month = jul,
	Pages = {1235-1243},
	Title = {Transmitter diversity for {OFDM} systems and its impact on high-rate data wireless networks},
	Volume = {17},
	Year = {1999}}

@inproceedings{Fragouli99-11C,
	Author = {C. Fragouli and R. D. Wesel},
	Booktitle = {Proc. \GCOM (GlobeCom'99)},
	Month = nov,
	Pages = {2352-2356},
	Title = {Semi-random interleaver design criteria},
	Year = {1999}}
%%%%%%%%%%%%%%
%					%
%		2000's		%
%					%
%%%%%%%%%%%%%%
%	2000
@book{Nee00B,
	Author = {Van Nee and R. Prasad},
	Publisher = {Artech House},
	Title = {{OFDM} for Wireless Multimedia Communications},
	Year = {2000}}

@article{Tseng00-01J,
	Author = {S.-M. Tseng and M. R. Bell},
	Journal = IEEE_J_COM,
	Month = jan,
	Number = {1},
	Pages = {53-59},
	Title = {Asynchronous multicarrier {DS-CDMA} using mutually orthogonal complementary sets of sequences},
	Volume = {48},
	Year = {2000}}

@inproceedings{Xia00-06C,
	Address = {New Orleans, LA},
	Author = {X.-G.~Xia},
	Booktitle = {Proc. \ICC (ICC2000)},
	Month = jun,
	Pages = {1110-1114},
	Title = {Precoded {OFDM} systems robust to spectral null channels and vector {OFDM} systems with reduced cyclic prefix length},
	Year = {2000}}

@inproceedings{Suehiro00-09C,
	Address = {London},
	Author = {Suehiro, N. and Kuroyanagi, N. and Imoto, T. and Matsufuji, S.},
	Booktitle = {Proc. \PIMRC (PIMRC2000)},
	Month = sep,
	Pages = {1567-1572},
	Title = {Very efficient frequency usage system using convolutional spread time signals based on complete complementary code},
	Volume = {2},
	Year = {2000}}

@article{Takeshita00-09J,
	Author = {O. Y. Takeshita and D.J. Costello Jr.},
	Journal = IEEE_J_IT,
	Month = sep,
	Number = {2},
	Pages = {1988-2006},
	Title = {New deterministic interleaver designs for turbo codes},
	Volume = {46},
	Year = {2000}}

@inproceedings{Lee00-11C,
	Address = {San Francisco, CA},
	Author = {K. F. Lee and D. B. Williams},
	Booktitle = {Proc. \GLOBECOM (GLOBECOM'00)},
	Month = nov # {27-} # dec # {1},
	Pages = {1473-1477},
	Title = {A space-frequency transmitter diversity technique for {OFDM} systems},
	Volume = {3},
	Year = {2000}}

@article{Sadjadpour01-05J,
	Author = {H. R. Sadjadpour and N. J. A. Sloane and M. Salehi and G. Nebe},
	Journal = IEEE_J_JSAC,
	Month = may,
	Number = {4},
	Pages = {831-837},
	Title = {Interleaver design for turbo codes},
	Volume = {19},
	Year = {2001}}

@article{Xia01-08J,
	Author = {X.-G.~Xia},
	Journal = IEEE_J_IT,
	Month = aug,
	Pages = {1363-1374},
	Title = {Precoded and vector {OFDM} systems robust to channel spectral nulls and with reduced cyclic prefix length in single transmit antenna systems,},
	Volume = {49},
	Year = {2001}}

@inproceedings{Han01-09C,
	Address = {Chengdu, China},
	Author = {C. Han and N. Suehiro and J. Chen and N. Kuroyanagi and M. Nakamura},
	Booktitle = {Proc. \IWSDA (IWSDA'01)},
	Month = sep,
	Pages = {107-116},
	Title = {Simulation of a parallel transmission system for multipath property to estimate pilot signals and additional chip-shifted information transmission signals},
	Year = {2001}}

@article{Chen01-10J,
	Author = {H.-H. Chen and J.-F. Yeh and N. Suehiro},
	Journal = IEEE_M_COM,
	Month = oct,
	Number = {10},
	Pages = {126-135},
	Title = {A multicarrier {CDMA} architecture based on orthogonal complementary codes for new generations of wideband wireless communications},
	Volume = {39},
	Year = {2001}}

@article{Zhang02-04J,
	Author = {H. Zhang and X.-G. Xia and Q. Zhang and W. Zhu},
	Journal = IEEE_J_MC,
	Month = apr # {-} # jun,
	Number = {2},
	Pages = {132-142},
	Title = {Precoded {OFDM} with adaptive vector channel allocation for scalable video transmission over frequency-selective fading channels},
	Volume = {1},
	Year = {2002}}

@article{Li02-08J,
	Author = {X.~Li and A. Chindapol and J.A. Ritcey},
	Journal = IEEE_J_COM,
	Month = aug,
	Number = {8},
	Pages = {1250-1257},
	Title = {Bit-interleaved coded modulation with iterative decoding and 8 {PSK} signaling},
	Volume = {50},
	Year = {2002}}

@inproceedings{Suehiro02-09C,
	Address = {Malaga, Spain},
	Author = {N.~Suehiro and C.~Han and T.~Imoto and N.~Kuroyanagi},
	Booktitle = {Proc. IASTED Int. Conf. Commun. Systems and Networks},
	Month = sep,
	Pages = {206-209},
	Title = {An information transmission method using Kronecker product},
	Year = {2002}}

@book{Hanzo03B,
	Author = {L. Hanzo and M. Munster and B.-J. Choi and T. Keller},
	Publisher = {West Sussex: Wiley},
	Title = {{OFDM} and {MC-CDMA} for Broadband Multi-User Communications},
	Year = {2003}}

@inproceedings{Ramseier03-05C,
	Author = {S. Ramseier},
	Booktitle = {Proc. \ICC (ICC'03)},
	Month = may,
	Pages = {3418-3422},
	Title = {Shuffling bits in time and frequency: an optimum interleaver for {OFDM}},
	Year = {2003}}

@inproceedings{Suehiro03-06C,
	Address = {Yokohama, Japan},
	Author = {N.~Suehiro and C.~Han and T.~Imoto},
	Booktitle = {Proc. \ISIT (ISIT 2003)},
	Month = jun,
	Pages = {385},
	Title = {Very efficient wireless usage based on pseudo-coherent addition of multipath signals using Kronecker product with rows of {DFT} matrix},
	Year = {2003}}

@book{Lin04B,
	Address = {New Jersey},
	Author = {S. Lin and D. J. Costello},
	Edition = {Second},
	Publisher = {Prentice Hall},
	Title = {Error control coding},
	Year = {2004}}

@standard{802-16e-04S,
	Month = aug,
	Organization = {IEEE std 802.16-2004},
	Revision = {of IEEE 802.16-2001},
	Title = {IEEE Standard for Local and Metropolitan Area Networks. Part 16: Air Interface for Fixed Broadband Wireless Access Systems},
	Year = {2004}}
	
@standard{dvb-rcs2,
	Month = apr,
	Organization = {ETSI EN 301 545-2 V1.2.1 (2014-04)},
	Revision = {of ETSI EN 301 545-2 V1.1.1 (2012-01)},
	Title = {Digital Video Broadcasting(DVB); Second Generation DVB Interactive Satellite System 
	(DVB-RCS2); Part2: Lower Layers for Satellite Standard},
	Year = {2014}}	
	
@standard{LTE,
	Month = jan,
	Organization = {},
	Revision = {},
	Title = {LTE Envolved Universal Terrestrial Radio Access (E-UTRA): Multiplexing and Channel Coding},
	Year = {2011}}		

@inproceedings{Berrou04-06C,
	Address = {Paris, France},
	Author = {C. Berrou and Y. Saouter and C. Douillard and S. Kerouedan and M. Jezequel},
	Booktitle = {Proc. \ICC (ICC'04)},
	Month = jun,
	Pages = {341-345},
	Title = {Designing good permutations for turbo codes: towards a single model},
	Volume = {1},
	Year = {2004}}

@inproceedings{Nimbalker04-06C,
	Address = {Chicago, USA},
	Author = {A. Nimbalker and T. E. Fuja and D. J. Costello and T. K. Blankenship and B. Classon},
	Booktitle = {Proc. \ISIT (ISIT2004)},
	Month = jun,
	Pages = {52},
	Title = {Contention-free interleavers},
	Year = {2004}}

@inproceedings{Roberts04-09C,
	Address = {Barcelona, Spain},
	Author = {R. Roberts and R. Hoshyar and M. S. Fazel and R. Tafazolli},
	Booktitle = {Proc. \PIMRC (PIMRC 2004)},
	Month = sep,
	Pages = {815-819},
	Title = {Choice of interleavers for space-diversity codes in {HIPERMAN} and 802.16a broadband wireless systems},
	Volume = {2},
	Year = {2004}}

@article{Su04-10J,
	Author = {W.~Su and X.-G.~Xia},
	Journal = IEEE_J_IT,
	Month = oct,
	Number = {10},
	Pages = {2331-2347},
	Title = {Signal constellations for quasi-orthogonal space-time block codes with full diversity},
	Volume = {50},
	Year = {2004}}

@article{Sun05-01J,
	Author = {J. Sun and O. Y. Takeshita},
	Journal = IEEE_J_IT,
	Month = jan,
	Number = {1},
	Pages = {101-119},
	Title = {Interleavers for turbo codes using permutation polynomials over integer rings},
	Volume = {51},
	Year = {2005}}

@article{Yuen05-09J,
	Author = {C. Yuen and Y. L. Guan and T. T. Tjhuang},
	Journal = IEEE_J_WCOM,
	Month = sep,
	Number = {5},
	Pages = {2089-2094},
	Title = {Quasi-orthogonal {STBC} with minimum decoding complexity},
	Volume = {4},
	Year = {2005}}

@article{Zhang05-09J,
	Author = {H.~Zhang and X.-G.~Xia and L.~J.~Cimini and P.~C.~Ching},
	Journal = IEEE_J_WCOM,
	Month = sep,
	Number = {5},
	Pages = {2454-2464},
	Title = {Synchronization techniques and guard-band-configuration scheme for single-anntena vector {OFDM} systems},
	Volume = {4},
	Year = {2005}}

@article{Chen06-02J,
	Author = {H.-H. Chen and H.-W. Chiu and M. Guizani},
	Journal = IEEE_J_WCOM,
	Month = feb,
	Number = {1},
	Pages = {68-79},
	Title = {Orthogonal complementary codes for interference-free {CDMA} technologies},
	Volume = {13},
	Year = {2006}}

@article{Takeshita06-03J,
	Author = {O. Y. Takeshita},
	Journal = IEEE_J_IT,
	Month = mar,
	Number = {3},
	Pages = {1249-1253},
	Title = {On maximum contention-free interleavers and permutation polynomials over integer rings},
	Volume = {52},
	Year = {2006}}

@article{Zhang06-07J,
	Author = {H.~Zhang and X.-G.~Xia},
	Journal = IEEE_J_VT,
	Month = jul,
	Number = {4},
	Pages = {1447-1454},
	Title = {Iterative decoding and demodulation for single-antenna vector {OFDM} systems},
	Volume = {55},
	Year = {2006}}

@article{Kojima06-09J,
	Author = {T. Kojima and A. Fujiwara and K. Yano and M. Aono and N. Suehiro},
	Journal = IEICE_EA,
	Month = sep,
	Number = {9},
	Pages = {2299-2306},
	Title = {Comparison of the two signal design methods in the {CDMA} systems using complete complementary codes},
	Volume = {E89-A},
	Year = {2006}}

@article{Nalin06-11J,
	Author = {N. S. Weerasinghe and T. Hashimoto},
	Journal = IEEE_J_COM,
	Month = nov,
	Number = {11},
	Pages = {1918-1922},
	Title = {Convolutional spreading {CDMA} and comparison with the {DS-CDMA} with {RAKE} receiver},
	Volume = {54},
	Year = {2006}}

@book{Dahlman07B,
	Author = {E. Dahlman and S. Parkvall and J. Sk\"{o}ld and P. Beming},
	Publisher = {Academic Press},
	Title = {3G Evolution: {HSPA} and {LTE} for Mobile Broadband},
	Year = {2007}}

@article{Chen07-02J,
	Author = {H.-H. Chen and Y.-C. Yeh and Q. Bi and A. Jamalipour},
	Journal = IEEE_M_COM,
	Month = feb,
	Number = {2},
	Pages = {104-112},
	Title = {On a {MIMO}-based open wireless architecture: space-time complementary coding},
	Volume = {45},
	Year = {2007}}

@article{Han07-03J,
	Author = {C.~Han and N.~Suehiro and T.~Hashimoto},
	Journal = IEICE_JA,
	Month = mar,
	Number = {3},
	Pages = {248-251},
	Title = {Least upper bound of family number of $N$-shift cross-orthogonal sequences (in Japanese)},
	Volume = {J90-A},
	Year = {2007}}

@article{Costello07-06J,
	Author = {D. J. Costello Jr. and G. D. Forney Jr},
	Journal = IEEE_J_PROC,
	Month = jun,
	Pages = {1150-1177},
	Title = {Channel coding: The road to channel capacity},
	Volume = {95},
	Year = {2007}}

@article{Nalin07-06J,
	Author = {N. S. Weerasinghe and C. Han and T. Hashimoto},
	Journal = IEICE_EA,
	Month = jun,
	Number = {6},
	Pages = {1204-1213},
	Title = {{CS-CDMA/CP} with {ZCZ} codes from an {M}-sequence and its performance for downlink transmission over a multipath fading channel},
	Volume = {E90-A},
	Year = {2007}}

@inproceedings{Han07-09C,
	Address = {Chengdu, China},
	Author = {C. Han and T. Hashimoto and N. Suehiro},
	Booktitle = {Proc. \IWSDA (IWSDA'07)},
	Month = sep,
	Pages = {172-175},
	Title = {Poly phase zero-correlation zone sequences based on complete complementary codes and {DFT} matrix},
	Year = {2007}}

@inproceedings{Yang07-11C,
	Address = {Washington, DC},
	Author = {X. Yang and Y. Mo and D. Li and M. Bian},
	Booktitle = {Proc. \GCOM (GlobeCom 2007)},
	Month = nov,
	Pages = {3899-3904},
	Title = {New complete complementary codes and their analysis},
	Year = {2007}}

@article{Dao08-01J,
	Author = {D. N. Dao and C. Tellambura},
	Journal = IEEE_J_WCOM,
	Month = {jan},
	Number = {1},
	Pages = {48-53},
	Title = {Decoding, performance analysis, and optimal signal designs for coordinate interleaved orthogonal designs},
	Volume = {7},
	Year = {2008}}

@article{Lu08-01J,
	Author = {L. Lu and V. K. Dubey},
	Journal = IEEE_J_VC,
	Month = jan,
	Number = {1},
	Pages = {250-259},
	Title = {Performance of a complete complementary code-based spread-time {CDMA} system in a fading channel},
	Volume = {57},
	Year = {2008}}

@inproceedings{Nimbalker08-03C,
	Author = {A. Nimbalker and Y. Blankenship and B. Classon and T. K. Blankenship},
	Booktitle = {Proc. \WCNC (WCNC2008)},
	Month = mar,
	Pages = {1032-1037},
	Title = {{ARP} and {QPP} interleavers for {LTE} turbo coding},
	Year = {2008}}

@article{Cadambe08-08J,
	Author = {Cadambe, V. R. and Jafar, S. A.},
	Journal = IEEE_J_IT,
	Number = {8},
	Pages = {3425-3441},
	Title = {Interference Alignment and Degrees of Freedom of the $K$-User Interference Channel},
	Year = {2008}}

@article{Han08-12J,
	Author = {C. Han and T. Hashimoto and N. Suehiro},
	Journal = IEICE_EA,
	Month = dec,
	Number = {12},
	Pages = {3698-3702},
	Title = {A new construction method of zero-correlation zone sequences based on complete complementary codes},
	Volume = {E91-A},
	Year = {2008}}
%%%%%%%%
% 2010 %
%%%%%%%%
@article{Alvarado10-02J,
	Author = {A. Alvarado and E. Agrell and L. Szczecinski and A. Svensson},
	Journal = IEEE_J_COM,
	Month = feb,
	Number = {2},
	Pages = {500-510},
	Title = {Exploiting {UEP} in {QAM}-based {BICM}: Interleaver and code design},
	Volume = {58},
	Year = {2010}}

@article{Han10-03J,
	Author = {C. Han and T. Hashimoto and N. Suehiro},
	Journal = IEEE_J_COM,
	Month = mar,
	Number = {3},
	Pages = {828-838},
	Title = {Constellation-rotated vector {OFDM} and its performance analysis over {Rayleigh} fading channels},
	Volume = {58},
	Year = {2010}}

@inproceedings{Stierstorfer10-03C,
	Author = {C. Stierstorfer and R F. H. Fischer and J. B. Huber},
	Booktitle = {Int. Zurich Seminar Commun.},
	Month = mar,
	Title = {Optimizing {BICM} with convolutional codes for transmission over the {AWGN} channel},
	Year = {2010}}

@article{Galli11-05J,
	Author = {S. Galli},
	Journal = IEEE_J_COM,
	Month = may,
	Number = {5},
	Pages = {1332-1345},
	Title = {A novel approach to the statistical modeling of wireline channels},
	Volume = {59},
	Year = {2011}}

@inproceedings{Han13-09C,
	Address = {London, U.K.},
	Author = {C. Han and T. Hashimoto},
	Booktitle = {Proc. \PIMRC (PIMRC'13)},
	Month = sep,
	Pages = {687-692},
	Title = {Almost linear interleaver and its application in coded {OFDM} over {Rayleigh} fading channel},
	Year = {2013}}
%%%%%%%%
% 2016 %
%%%%%%%%
% Janurary
@article{Hori16-01J,
	Author = {Y. Hori and H. Ochiai},
	Journal = IEEE_J_WCOM,
	Month = jan,
	Number = {1},
	Pages = {651-662},
	Title = {Performance analysis and interleaver structure optimization for short-frame BICM–OFDM systems},
	Volume = {15},
	Year = {2016}}
% February

@article{Balevi-02L,
	Author = { E. Balevi and A. \"{O}. Yılmaz},
	Journal = IEEE_L_COM,
	Month = feb,
	Number = {2},
	Pages = {232-235},
	Title = {Analysis of frequency domain oversampled MMSE SC-FDE},
	Volume = {20},
	Year = {2016}}

@article{Mani-02L,
	Author = {H. Mani and H. Saeedi},
	Journal = IEEE_L_COM,
	Month = feb,
	Number = {2},
	Pages = {216-219},
	Title = {Message passing-based decoding of convolutional codes: performance and complexity analysis},
	Volume = {20},
	Year = {2016}}


@article{Kraidi-02L,
	Author = {Ghassan M. Kraidy},
	Journal = IEEE_L_COM,
	Month = feb,
	Number = {2},
	Pages = {200-203},
	Title = {On progressive edge-growth interleavers for turbo codes},
	Volume = {20},
	Year = {2016}}

%============Bohulu	
	@inproceedings{Deng17-01C,
Address={Da Nang, Vietnam},
Author={Deng, Jingli and Peng, Yuexing and Zhao, Hui},
Booktitle={Proc. International
Conference on Recent Advances in Signal Processing, Telecommunications and Computing (SigTelCom) (SigTelCom'17)},
Month=jan,
Pages={98-102}, 
Title={Distance spectrum calculation method for double binary turbo codes}, 
Year={2017}}

@inproceedings{Lu16-10C,
Author={Lu, Shan and Hou, Wei and Cheng, Jun},
Address={Monterey, CA, USA},
Booktitle={2016 International Symposium on Information Theory and Its Applications (ISITA)}, 
Month = oct,
Pages={493-497},
Title={Input-output weight distribution of terminated RSC codes with limited codelength}, 
Year={2016}}

@inproceedings{Berrou93-05C,
Author={Berrou, C. and Glavieux, A. and Thitimajshima, P.},
Address={Geneva, Switzerland},
Booktitle={Proceedings of ICC '93 - IEEE International Conference on Communications}, 
Month= may,
Pages={1064-1070 vol.2},
Title={Near Shannon limit error-correcting coding and decoding: Turbo-codes. 1}, 
Year={1993},
Volume={2}}

@article{Garzon-18J,
Author={Garzón-Bohórquez, Ronald and Abdel Nour, Charbel and Douillard, Catherine},
Journal={IEEE Transactions on Communications},  
Month = may,
Number={5},
Pages={1833-1844},
Year={2018},
Title={Protograph-Based Interleavers for Punctured Turbo Codes},
Volume={66},
Year={2018}}

@book{Moon05B,
   author = {Moon, Todd K.},
   year = {2005},
   title = {Error Correcting Codes},
   publisher = {Wiley},
   address = {Hoboken, NJ, USA}
}

@book{Proakis08B,
	Author = {Proakis, G. Proakis, Salehi Masoud},
	Edition = {Fifth},
	Publisher = {New York: McGraw-Hill},
	Title = {Digital Communications},
	Year = {2008}}	


